<record><leader>00000cas a22000007a 4500</leader><controlfield tag="001">14956822</controlfield><controlfield tag="008">861211d18961910iauwr ne      0    0eng d</controlfield><datafield ind1=" " ind2=" " tag="010"><subfield code="a">sn 86060913 </subfield></datafield><datafield ind1=" " ind2=" " tag="040"><subfield code="a">INP</subfield><subfield code="b">eng</subfield><subfield code="c">INP</subfield><subfield code="d">OCLCQ</subfield></datafield><datafield ind1=" " ind2=" " tag="042"><subfield code="a">msc</subfield></datafield><datafield ind1="0" ind2="4" tag="245"><subfield code="a">The Fort Dodge post.</subfield></datafield><datafield ind1=" " ind2=" " tag="260"><subfield code="a">Fort Dodge, Iowa :</subfield><subfield code="b">Post Pub. Co.</subfield></datafield><datafield ind1=" " ind2=" " tag="300"><subfield code="a">v. :</subfield><subfield code="b">ill. ;</subfield><subfield code="c">61 cm.</subfield></datafield><datafield ind1=" " ind2=" " tag="310"><subfield code="a">Weekly</subfield></datafield><datafield ind1="1" ind2=" " tag="362"><subfield code="a">Issued 1896?-1910?</subfield><subfield code="z">Cf. Bibl. of Iowa newspapers.</subfield></datafield><datafield ind1=" " ind2=" " tag="588"><subfield code="a">Description based on: Vol. 6, no. 46 (Nov. 13, 1897).</subfield></datafield><datafield ind1=" " ind2=" " tag="752"><subfield code="a">United States</subfield><subfield code="b">Iowa</subfield><subfield code="c">Webster</subfield><subfield code="d">Fort Dodge.</subfield></datafield><datafield ind1="0" ind2="0" tag="780"><subfield code="t">Saturday evening post (Fort Dodge, Iowa)</subfield><subfield code="w">(DLC)sn 85049744</subfield></datafield></record>